<?xml version="1.0" encoding="UTF-8"?><record xmlns="http://www.loc.gov/MARC21/slim" xmlns:cinclude="http://apache.org/cocoon/include/1.0" xmlns:zs="http://www.loc.gov/zing/srw/">
  <leader>00500nz  a2200145n  4500</leader>
  <controlfield tag="001">no2005039258</controlfield>
  <controlfield tag="003">DLC</controlfield>
  <controlfield tag="005">20050426052001.0</controlfield>
  <controlfield tag="008">050425n| acannaabn          |a aaa     c</controlfield>
  <datafield tag="010" ind1=" " ind2=" ">
    <subfield code="a">no2005039258</subfield>
  </datafield>
  <datafield tag="035" ind1=" " ind2=" ">
    <subfield code="a">(OCoLC)oca06618458</subfield>
  </datafield>
  <datafield tag="040" ind1=" " ind2=" ">
    <subfield code="a">WaU</subfield>
    <subfield code="b">eng</subfield>
    <subfield code="c">WaU</subfield>
  </datafield>
  <datafield tag="100" ind1="1" ind2=" ">
    <subfield code="a">Deuzeman, S. B.</subfield>
    <subfield code="q">(Symen B.)</subfield>
  </datafield>
  <datafield tag="400" ind1="1" ind2=" ">
    <subfield code="a">Deuzeman, Symen</subfield>
  </datafield>
  <datafield tag="670" ind1=" " ind2=" ">
    <subfield code="a">European swallows, Hirundo rustica, and other songbirds of wetlands in Ghana, December 1997, 2004:</subfield>
    <subfield code="b">t.p. (Deuzeman S.B.) cover (S.B. Deuzeman) p. 3 (Symen Deuzeman)</subfield>
  </datafield>
</record>